@manual{versuchsanleitung,
  organization = {TU Dortmund},
  title = {Versuchsanleitung zum Versuch 400: Reflexion, Brechung und Beugung},
}
@online{n_kronglas,
  title = {Brechzahl},
  url = {https://www.spektrum.de/lexikon/physik/brechzahl/1958},
  urldate = {2020-07-04}
}
@online{n_acryl,
  title = {Brechungsindex von Acrylate, Lucite, Perspex, Plexiglass},
  url = {https://www.filmetrics.de/refractive-index-database/Acrylic/Acrylate-Lucite-Perspex-Plexiglass},
  urldate = {2020-07-04}
}
