@manual{versuchsanleitung,
  organization = {TU Dortmund},
  title = {Versuchsanleitung zum Versuch 606: Messung der Suszeptibilit√§t paramagnetischer Substanzen},
}
@online{molmasse_Dy_2O_3,
  title = {Dysprosium(III)-oxid ($\symup{Dy_2O_3}$) Molmasse},
  url = {https://de.intl.chemicalaid.com/tools/molarmass.php?formula=Dy2O3},
  urldate = {2020-04-18}
}
@online{molmasse_Nd_2O_3,
  title = {Neodym(III)-oxid ($\symup{Nd_2O_3}$) Molmasse},
  url = {https://de.intl.chemicalaid.com/tools/molarmass.php?formula=Nd2O3},
  urldate = {2020-04-18}
}
