@manual{versuchsanleitung,
  organization = {TU Dortmund},
  title = {Versuchsanleitung zum Versuch 703: Das Geiger-M체ller-Z채hlrohr},
}
@manual{oszilloskop,
  organization = {TU Dortmund},
  title = {Daten und Hinweise zum Versuch 703: Das Geiger-M체ller-Z채hlrohr},
  note = {Das Originalbild wurde bearbeitet},
}
