@manual{versuchsanleitung501,
  organization = {TU Dortmund},
  title = {Versuchsanleitung zum Versuch 501: Ablenkung eines Elektronenstrahls im elektrischen Feld},
}
@manual{versuchsanleitung502,
  organization = {TU Dortmund},
  title = {Versuchsanleitung zum Versuch 502: Ablenkung eines Elektronenstrahls im transversalen Magnetfeld},
}
@online{erdmagnetfeld,
  url = {https://www.weltderphysik.de/gebiet/erde/news/2010/neue-erdmagnetische-karte-fuer-deutschland/},
  urldate = {2021-06-13},
  title = {Neue erdmagnetische Karte f√ºr Deutschland},
}
