@manual{versuchsanleitung,
  organization = {TU Dortmund},
  title = {Versuchsanleitung zum Versuch 303: Der Lock-In-Verst√§rker},
}
