@manual{versuchsanleitung,
  organization = {TU Dortmund},
  title = {Versuchsanleitung zum Versuch 603: Compton-Effekt},
}
@online{leifi,
  organization = {LEIFIphysik},
  title = {Charakteristische RÖNTGEN-Strahlung},
  url = {https://www.leifiphysik.de/atomphysik/roentgen-strahlung/grundwissen/charakteristische-roentgen-strahlung},
  urldate = {2021-06-20},
}
@online{tu_dresden,
  author = {Jakob Krämer},
  organization = {TU Dresden},
  title = {Röntgenstrahlung},
  url = {https://tu-dresden.de/mn/physik/ressourcen/dateien/studium/lehrveranstaltungen/praktika/pdf/ROE_NP.pdf},
  urldate = {2021-06-20},
}
