@manual{img_aufbau,
  author = {TU Dortmund},
  title = {Versuchsanleitung zum Versuch 103: Biegung elastischer Stäbe},
}
@online{I_rund,
  author = {Universität Siegen},
  title = {Flächenträgheitsmomente einiger Querschnitte},
  url = {https://www.bau.uni-siegen.de/subdomains/bauinformatik/lehre/tm2/arbeitsblaetter/arbeitsblatt_08_flaechentraegheitsmomente_bsp.pdf},
  urldate = {2020-12-13}
}
@online{e_moduln_tabelle,
  author = {H. Föll},
  puplisher = {Universität Kiel},
  title = {Elastizitätsmodul in Zahlen},
  url = {https://www.tf.uni-kiel.de/matwis/amat/mw1_ge/kap_7/illustr/t7_1_2.html},
  urldate = {2020-12-13}
}
