@manual{versuchsanleitung,
  organization = {TU Dortmund},
  title = {Versuchsanleitung zum Versuch 353: Das Relaxationsverhalten eines RC-Kreises},
}
