@manual{versuchsanleitung,
  organization = {TU Dortmund},
  title = {Versuchsanleitung zum Versuch 601: Der Franck-Hertz-Versuch},
}

@online{anregungsenergie,
  organization = {Georg-August-Universität Göttingen},
  title = {Der Franck-Hertz-Versuch},
  url = {https://lp.uni-goettingen.de/get/text/1612},
  urldate = {2021-06-27},
}
