@online{chemie_de_1,
  title = {Temperaturleitfähigkeit},
  url = {https://www.chemie.de/lexikon/Temperaturleitf%C3%A4higkeit.html},
  urldate = {2020-12-23}
}
@online{chemie_de_2,
  title = {Wärmeleitfähigkeit},
  url = {https://www.chemie.de/lexikon/W%C3%A4rmeleitf%C3%A4higkeit.html},
  urldate = {2020-12-23}
}
@online{chemie_de_3,
  title = {Messing},
  url = {https://www.chemie.de/lexikon/Messing.html},
  urldate = {2020-12-23}
}
@online{chemie_de_4,
  title = {Wasser (Stoffdaten)},
  url = {https://www.chemie.de/lexikon/Wasser_%28Stoffdaten%29.html},
  urldate = {2020-12-23}
}
