@manual{versuchsanleitung,
  organization = {TU Dortmund},
  title = {Versuchsanleitung zum Versuch 123: Der Versuch},
}
@online{semmelweis,
  url = {http://biofiz.semmelweis.hu/run/dl_t.php?id=2276&tid=91},
  urldate = {2021-05-23},
}
