@manual{versuchsanleitung,
  organization = {TU Dortmund},
  title = {Versuchsanleitung zum Versuch 702: Aktivierung mit Neutronen},
}
@manual{datenundhinweise,
  organization = {TU Dortmund},
  title = {Daten und Hinweise zum Versuch 702: Aktivierung mit Neutronen},
}
@online{hwz_vanadium,
  title = {$\ce{^{52}V}$ (Vanadium-52)},
  url = {http://www.periodensystem-online.de/index.php?id=isotope&el=23&mz=52&show=nuklid&sel=zf},
  urldate = {2020-02-01}
}
@online{hwz_rhodium_langsam,
  title = {$\ce{^{104m}Rh}$ (Rhodium-104)},
  url = {http://www.periodensystem-online.de/index.php?id=isotope&el=45&mz=104&nrg=0.129&show=nuklid},
  urldate = {2020-02-01}
}
@online{hwz_rhodium_schnell,
  title = {Rhodium},
  url = {https://www.chemie.de/lexikon/Rhodium.html},
  urldate = {2020-02-01}
}
