@manual{versuchsanleitung,
  organization = {TU Dortmund},
  title = {Versuchsanleitung zum Versuch 401: Das Michelson-Interferometer},
}
@online{brechzahl,
  title = {Brechzahl},
  url = {https://www.spektrum.de/lexikon/physik/brechzahl/1958},
  urldate = {2021-05-02}
}
