@manual{versuchsanleitung,
  organization = {TU Dortmund},
  title = {Versuchsanleitung zum Versuch 500: Der Photoeffekt},
}
@online{e,
  organization = {National Institute of Standards und Technology (NIST)},
  title = {Elementary charge},
  url = {https://physics.nist.gov/cgi-bin/cuu/Value?e},
  urldate = {2021-04-25}
}
@online{h,
  organization = {National Institute of Standards und Technology (NIST)},
  title = {Planck constant},
  url = {https://physics.nist.gov/cgi-bin/cuu/Value?h},
  urldate = {2021-04-25}
}
