@manual{versuchsanleitung,
  organization = {TU Dortmund},
  title = {Versuchsanleitung zum Versuch 602: Röntgenemission und -absorption},
}
@online{science_and_fun,
  url = {https://wissen.science-and-fun.de/tabellen-fur-spektroskopiker/wellenlaengen-und-anregungsenergien-von-k-und-l-absorptionskanten/},
  urldate = {2021-05-29},
  title = {Wellenlängen und Anregungsenergien von K- und L- Absorptionskanten},
}
@online{roentgenroehre,
  url = {https://physikunterricht-online.de/jahrgang-12/roentgenstrahlung/roentgenroehre-2/},
  urldate = {2021-05-09},
  organization = {Physikunterricht-Online.de},
  year = {2017}
}
@online{eabs,
  url = {https://physics.nist.gov/cgi-bin/XrayTrans/search.pl?element=Cu&trans=Kedge&units=eV},
  urldate = {2021-05-09},
  title = {X-Ray Transition Energies Database},
  organization = {National Instituts of Standards and Technology},
}
@online{rydchz,
  url = {https://physics.nist.gov/cgi-bin/cuu/Value?rydchz},
  urldate = {2021-05-09},
  organization = {National Instituts of Standards and Technology},
}
@online{rydhcev,
  url = {https://physics.nist.gov/cgi-bin/cuu/Value?rydhcev},
  urldate = {2021-05-09},
  organization = {National Instituts of Standards and Technology},
}
