@online{wasserdichte,
  title = {Dichte von Wasser in Abhängigkeit von der Temperatur},
  year = 2019,
  url = {https://www.internetchemie.info/chemie-lexikon/daten/w/wasser-dichtetabelle.php},
  urldate = {2020-11-11}
}

@online{wasserwaermekapazitaet,
  title = {Spezifische Wärmekapazität},
  url = {https://www.chemie.de/lexikon/Spezifische_W%C3%A4rmekapazit%C3%A4t.html},
  urldate = {2020-11-11}
}
